3166 5056
207 349 249 422 20
501 426 503 430 .
690 353 749 410 ortu
768 383 800 390 —
820 348 936 421 perditur

239 531 354 596 tempore
373 528 496 580 dixerunt
508 526 559 579 317
579 530 638 591 (nos
653 527 786 592 Germani,

239 617 335 684 quihus
353 616 383 667 in
401 615 536 668 vocabulis
555 615 700 667 scribendis
718 614 785 667 nihil

238 704 318 756 nimis
336 704 528 755 monstruosum
543 703 649 755 'videtur
733 702 785 753 412

239 807 366 842 summam
379 790 552 842 constantiam
561 790 589 840 in
599 789 784 842 dicendo'scri-

148 896 162 916 ·
239 878 355 932 bendere
368 891 489 945 quaerere
501 877 583 929 animi
596 877 732 928 illiberalis
745 873 785 929 est

239 964 272 1017 25
291 981 351 1017 nam
369 965 398 1016 in
408 965 486 1016 huius
496 963 565 1016 modi
576 964 667 1026 [scena
676 962 782 1031 scaena]

237 1053 315 1103 rebus
335 1053 380 1118 qui
393 1051 568 1103 constantiam
581 1051 724 1117 postulant,
743 1052 783 1102 in·

237 1133 296 1207 'epte
315 1138 410 1190 curiosi
430 1141 492 1190 sunt
513 1136 582 1200 217).

202 1230 274 1279 ortu
293 1225 335 1278 96.

202 1313 339 1382 Ortygie
357 1312 418 1365 407.

200 1417 277 1454 voces
295 1401 378 1453 ines
397 1429 430 1436 -
449 1414 485 1451 or
502 1398 562 1450 424.

202 1490 289 1555 genet.
302 1488 337 1541 IV
356 1488 386 1539 in
403 1502 438 1539 os
453 1489 486 1550 (e.
500 1503 522 1539 c.
537 1488 709 1549 senatuos)
722 1485 782 1538 397.

200 1575 356 1628 Oscorum
384 1578 424 1627 est
447 1591 466 1624 u
494 1577 680 1626 consonantem
699 1572 782 1624 lacere

234 1677 280 1730 pro
298 1661 383 1715 vocali
396 1660 462 1712 306.

182 1751 283 1808 ¹ostis
301 1765 347 1816 pro
366 1749 474 1800 hostis
493 1747 553 1800 287.

199 1839 331 1889 ostreae
350 1840 457 1888 ostrea
476 1835 527 1887 392
558 1838 672 1888 ostrea
693 1834 779 1901 disyll.

234 1923 275 1990 (in
292 1922 345 1976 fine
364 1923 517 1986 hexametri)
539 1921 596 1974 122.

199 2040 232 2048 -
251 2011 377 2064 orimus
396 2038 426 2046 -
447 2015 538 2062 emus
556 2010 621 2078 perf.
640 2008 700 2061 291.

472 2169 508 2223 P.

197 2276 316 2340 pactus
334 2271 368 2325 55
386 2274 445 2337 hoc,
464 2273 553 2326 eodem
572 2276 647 2340 pacto
667 2271 709 2324 65.

196 2375 316 2426 pacare
334 2360 438 2412 silvas
457 2359 517 2413 338.

195 2446 375 2511 Pacuvius,
391 2447 538 2506 Pacuius
558 2447 617 2500 306.

195 2533 382 2586 Paedianus
401 2533 461 2586 339.

117 2651 120 2657 =
195 2621 606 2689 paenapoenapena203.
701 2614 704 2621 '

128 2769 130 2772 ¹
193 2709 394 2775 paeninsula
416 2708 473 2760 118.

48 2837 52 2844 .
86 2859 89 2864 ,
172 2796 424 2861 paenultimus
445 2795 502 2847 118.

192 2880 335 2935 Paeonia
360 2883 514 2935 Paeoniis
542 2882 701 2935 Paeoniis
728 2883 775 2934 tri·

116 2998 118 3001 -
228 2966 306 3036 sylli
327 2969 386 3022 280.

92 3082 97 3089 ·
192 3055 359 3137 palaestra
376 3057 436 3109 406.

191 3144 331 3197 Palatia
350 3143 392 3196 37.

190 3230 366 3284 Pallantes
384 3230 444 3283 281.

87 3379 92 3386 ,
190 3317 399 3385 palleiactus
421 3318 478 3370 190.

190 3408 330 3471 pansus,
349 3409 468 3472 passus
487 3405 514 3471 (a
531 3405 682 3473 pandendo)
701 3405 743 3459 55.

190 3491 338 3557 panticis
357 3508 410 3545 acc.
428 3490 471 3544 51.
634 3531 637 3536 .

174 3578 327 3644 ¹Paphie,
346 3579 491 3650 Paphien
509 3577 570 3631 407.
662 3571 665 3576 ⁴

187 3663 321 3731 pirsum
340 3663 383 3717 55.
538 3673 541 3678 “

186 3765 305 3817 parcus
323 3750 383 3803 283.

186 3838 339 3905 parentis
357 3851 428 3890 nom.
447 3839 514 3906 plur.
534 3836 576 3890 56.

185 3923 377 3991 parenthesi
402 3925 530 3992 quomodo
548 3924 625 3978 Lucr.
647 3941 712 3979 usus
733 3925 769 3978 sit

223 4010 281 4064 169.

184 4097 371 4165 parietibus
390 4099 543 4167 quadrisyll.
564 4098 622 4152 130.

183 4183 302 4253 pirtus
320 4184 363 4237 54.

182 4274 288 4340 partis
306 4269 377 4324 nom.
396 4271 463 4339 plur.
482 4269 515 4324 56
547 4277 686 4341 aparte,
709 4287 767 4325 raro

218 4376 258 4412 ex
289 4361 383 4428 parte
412 4357 463 4412 259
498 4376 574 4428 pars
603 4361 679 4414 Lucr.
708 4376 767 4413 cum

871 527 966 594 plurali
985 541 1039 579 non
1058 527 1194 594 coniungit
1214 525 1263 578 331
1296 528 1332 579 et
1349 543 1420 592 par·
1476 574 1484 589 ,

871 615 929 666 tim
948 613 1008 665 412.
1071 631 1074 636 ·

836 703 1090 770 participiorum
1118 701 1178 754 ·ahl.'
1204 701 1232 752 in
1261 701 1269 752 i
1297 699 1348 752 356
1389 699 1420 751 de

871 789 1018 856 quantitate
1027 793 1107 856 part.
1117 787 1225 856 perfecti
1237 788 1346 854 passivi,
1355 802 1419 855 quo-

871 892 928 928 rum
946 877 976 928 in
994 877 1125 944 praesenti
1145 879 1184 928 est
1202 874 1303 942 liquida
1316 879 1360 926 aut
1379 890 1419 926 se-

870 963 1005 1014 mivocalis
1028 961 1062 1015 54
1097 964 1183 1016 media
1205 963 1243 1015 54
1275 963 1361 1013 tenuis
1385 959 1418 1014 55

870 1053 949 1117 part.
978 1055 1037 1102 cum
1063 1052 1096 1102 in
1124 1052 1246 1119 negativo
1275 1049 1419 1116 composita

870 1136 905 1188 40
923 1137 1101 1210 participia
1119 1138 1215 1189 diversi
1233 1137 1336 1204 generis
1355 1151 1417 1187 con-

870 1225 1032 1277 iunctionem
1051 1224 1200 1277 desiderant
1218 1223 1277 1276 273.

835 1312 1007 1394 pascentis
1026 1327 1096 1363 nom.
1115 1310 1243 1379 plur.,56.

834 1397 992 1463 Pasithea
1011 1399 1107 1466 407sq.

834 1482 1037 1551 patefactum
1058 1486 1116 1539 192.

833 1573 1014 1640 patefactio
1036 1574 1093 1627 191.

833 1661 973 1728 (patior)
993 1661 1111 1730 piassus
1130 1660 1172 1713 55.

832 1750 940 1816 patrui
959 1749 1046 1817 disyll.
1065 1751 1104 1813 (in
1122 1747 1174 1800 fine
1193 1749 1305 1805 hexam.)
1328 1746 1385 1799 130.

832 1837 1039 1903 pavibundus
1059 1835 1101 1888 23.

831 1923 969 1976 Paulina
988 1921 1030 1975 33.

822 2010 955 2077 -paullis
974 2010 1007 2063 33
1026 2027 1050 2063 r.
1070 2011 1210 2078 quantis.

829 2098 1030 2167 paullisper,
1053 2097 1219 2150 scribendum
1242 2097 1413 2164 paulisper

828 2256 971 2326 Paullus
990 2272 1032 2326 33.

828 2360 960 2427 paullus
980 2357 1040 2412 204.

828 2447 990 2516 pauxillis
1009 2446 1052 2499 33.

828 2536 919 2602 pacis
937 2550 1022 2587 accus.
1041 2534 1084 2588 50.

827 2622 931 2690 pexus
950 2622 992 2675 55.

827 2724 943 2776 pacm,
961 2707 1106 2776 pequdes
1125 2706 1185 2759 305.

827 2796 956 2863 peditis
974 2810 1044 2847 nom.
1062 2794 1129 2862 plur.
1148 2792 1191 2846 57.

827 2883 1071 2951 pedetemptim,
1100 2881 1326 2949 pedetemtim,
1353 2895 1408 2946 pe-

861 2970 1043 3023 dententim
1062 2968 1121 3022 296.

755 3092 757 3096 .
810 3058 906 3127 pelli
925 3057 977 3111 ahl.
993 3055 1054 3109 425.

826 3152 947 3214 pensus
966 3143 1008 3196 55.

825 3249 946 3302 penna,
964 3233 1064 3300 pinna
1082 3229 1142 3284 331.
1237 3298 1240 3304 Ι

824 3322 853 3373 in
876 3321 1153 3388 pentametrorum
1179 3319 1252 3371 exitu
1276 3317 1350 3370 elisio
1369 3318 1406 3370 lo·

861 3423 920 3460 cum
937 3421 992 3458 non
1010 3406 1089 3460 habet
1102 3405 1135 3456 66
1155 3405 1200 3472 qui
1212 3404 1292 3473 longa
1305 3404 1406 3472 syllaba

860 3497 985 3562 sequente
1008 3507 1064 3545 voc.
1083 3495 1131 3545 est
1153 3493 1195 3544 usi
1218 3492 1285 3554 sint;
1311 3493 1355 3559 qui
1381 3508 1406 3543 m

859 3581 972 3633 litteram
992 3595 1050 3632 cum
1069 3584 1108 3633 est
1127 3578 1270 3632 colliserint
1288 3577 1330 3628 67.

822 3666 966 3736 pequdes
985 3683 1009 3719 v.
1028 3683 1127 3735 pecus
1146 3664 1206 3720 305.

823 3770 877 3822 per
894 3755 924 3809 iu
946 3754 1135 3820 compositione
1153 3754 1288 3828 verborum
1308 3752 1404 3821 aoesq.

741 3832 745 3839 ’
821 3839 899 3909 peri
917 3839 977 3893 406.

821 3943 975 3996 peragere
993 3926 1112 3981 bellum
1131 3925 1190 3978 264.

820 4029 993 4083 peragrare
1012 4013 1073 4066 367.

820 4117 1010 4169 percurrere
1038 4100 1158 4153 absolute
1184 4104 1210 4153 et
1236 4117 1321 4168 perc.
1348 4118 1405 4170 per.

761 4213 769 4225 ·
855 4186 951 4255 seseq.

818 4274 958 4344 perdius
977 4253 1037 4325 227.

818 4363 966 4432 perditur
984 4375 1031 4428 pro
1049 4362 1136 4428 perit
1158 4377 1235 4414 nemo
1255 4365 1323 4418 dixit
1345 4363 1402 4415 121.
